@article{npg-27-373-2020,
	author = {Chattopadhyay, A. and Hassanzadeh, P. and Subramanian, D.},
	doi = {10.5194/npg-27-373-2020},
	journal = {Nonlinear Processes in Geophysics},
	number = {3},
	pages = {373--389},
	title = {Data-driven predictions of a multiscale Lorenz 96 chaotic system using machine-learning methods: reservoir computing, artificial neural network, and long short-term memory network},
	url = {https://npg.copernicus.org/articles/27/373/2020/},
	volume = {27},
	year = {2020},
	bdsk-url-1 = {https://npg.copernicus.org/articles/27/373/2020/},
	bdsk-url-2 = {https://doi.org/10.5194/npg-27-373-2020}}

@article{DBLP:journals/corr/VaswaniSPUJGKP17,
  author       = {Ashish Vaswani and
                  Noam Shazeer and
                  Niki Parmar and
                  Jakob Uszkoreit and
                  Llion Jones and
                  Aidan N. Gomez and
                  Lukasz Kaiser and
                  Illia Polosukhin},
  title        = {Attention Is All You Need},
  journal      = {CoRR},
  volume       = {abs/1706.03762},
  year         = {2017},
  url          = {http://arxiv.org/abs/1706.03762},
  eprinttype    = {arXiv},
  eprint       = {1706.03762},
  timestamp    = {Sat, 23 Jan 2021 01:20:40 +0100},
  biburl       = {https://dblp.org/rec/journals/corr/VaswaniSPUJGKP17.bib},
  bibsource    = {dblp computer science bibliography, https://dblp.org}
}